%% https://en.wikibooks.org/wiki/LaTeX/Bibliography_Management#Standard_templates

%% Husk at fjerne udkommenteret dele, ellers ødelægger det udskriften

