@article{Meredith2005,
   author = {Meredith, L. G. and Radestock, Matthias},
   title = {A Reflective Higher-order Calculus},
   language = {English},
   year = {2005},
   issn = {1571-0661},
   volume = {141},
   pages = {49--67},
   doi = {10.1016/j.entcs.2005.05.016},
}