@article{Meredith2005,
   author = {Meredith, L. G. and Radestock, Matthias},
   title = {A Reflective Higher-order Calculus},
   language = {English},
   year = {2005},
   issn = {1571-0661},
   volume = {141},
   pages = {49--67},
   doi = {10.1016/j.entcs.2005.05.016},
}

@ONLINE{naivechain,
    author = "Lukas Welte",
    title  = "Naive Chain Java Script code",
    month  = "apr",
    year   = "2017",
    url    = "https://github.com/lhartikk/naivechain/blob/master/main.js"
}

@ONLINE{website:blockchaintechnologies,
    author = "Blockchain Technologies",
    title  = "Smart Contracts Explained",
    url    = "http://www.blockchaintechnologies.com/blockchain-smart-contracts"
}